@book{Zemanian_dist_theory_1965,
author={Zemanian, A. H.}, 
title={Distribution theory and transform analysis}, 
series={Dover books on mathematics}, 
publisher={Dover}, 
year=1965
}

@book{SolimanAndSrinath_1990,
author={Soliman, S. S. and Srinath, M. D.}, 
title={Continuous and discrete signals and systems}, 
series={Prentice-Hall Information and Systems Series}, 
publisher={Prentice-Hall}, 
year=1990
}

@book{Pinsky_Wavelets_2002,
author={Pinksy, M}, 
title={Introduction to Fourier Analysis and Wavelets}, 
series={Graduate Studies in Mathematics},
volume=102, 
publisher={AMS}, 
year=2002
}


@ARTICLE{SallenKey1955, 
author={Sallen, R.P. and Key, E.L.}, 
journal={Circuit Theory, IRE Transactions on}, 
title={A practical method of designing {RC} active filters}, 
year=1955, 
volume=2, 
number=1, 
pages={74-85}, 
doi={10.1109/TCT.1955.6500159}, 
ISSN={0096-2007},}

@book{Nise_control_theory_5th,
author={Nise, N. S.}, 
title={Control systems engineering}, 
edition=5, 
publisher={Wiley}, 
year=2007
}

@ARTICLE{Shannon1949_comm_pres_noise,
  author = {Shannon, C. E.},
  title = {Communication in the presence of noise},
  journal = {Proc. IRE},
  year = 1949,
  volume = 37,
  pages = {10-21}
}

@article{Schönfinkel_currying_1924,
year=1924,
journal={Mathematische Annalen},
volume=92,
number={3-4},
doi={10.1007/BF01448013},
title={\"{U}ber die Bausteine der mathematischen Logik},
url={http://dx.doi.org/10.1007/BF01448013},
publisher={Springer-Verlag},
author={Sch\"{o}nfinkel, M.},
pages={305-316},
language={German}
}

@book{Oppenheiim_sigs_sys_1996,
author={Oppenheim, A. V.  and Willsky, A. S. and Nawab, S. H.}, 
title={Signals and Systems}, 
edition=2, 
publisher={Prentice Hall}, 
year=1996
}

@book{vetterli_fund_sig_proc,
author={M. Vetterli and J. Kova\v{c}evi\'{c} and V. K. Goyal}, 
title={Foundations of Signal Processing}, 
edition={1.1}, 
publisher={Cambridge University Press},
year=2014,
month={May}
}

@book{concretemath_1994,
author={Graham, R. L. and Knuth, D. E. and Patashnik, O.},
title={Concrete Mathematics: A Foundation for Computer Science}, 
edition=2,
address={Reading, MA}, 
publisher={Addison-Wesley},
pages={267-272}, 
year=1994
}

@book{Stewart_ComplexAnalysis_2004,
author={Stewart, I. and Tall, D. O.},
title={Complex Analysis},
year=2004,
month={June},
publisher={Cambridge University Press}
}

@book{Strichartz_guide_dist_theory_1993,
author={Strichartz, R.},
title={A guide to distribution theory and Fourier transforms}, 
year=1993,
publisher={CRC Press}
}

@book{Folland_real_analysis_1999,
author={Folland, G. B.},
title={Real analysis: Modern techniques and their applications}, 
year=1999,
publisher={Wiley}
}

@book{Currying_1968,
author={Curry, H. and Feys, R.}, 
year=1968, 
title={Combinatory logic 1},
edition=2,
address={Amsterdam, Netherlands},
publisher={North-Holland}
}

@article{nicholas_1950_erf,
author={Nicholas, C. B. and Yates, R. C.},
title={The Probability Integral}, 
journal={Amer. Math. Monthly},
volume=57, 
month={June},
pages={412-413}, 
year=1950
}

@article{Weierstraß_fundamental_theorem_of_algebra,
author={Weierstrass, K.},
year=1891, 
title={Neuer Beweis des Satzes, dass jede ganze rationale Function einer Ver\"{a}nderlichen dargestellt werden kann als ein Product aus linearen Functionen derselben Ver\"{a}nderlichen}, 
journal={Sitzungsberichte der k\"{o}niglich preussischen Akademie der Wissenschaften zu Berlin},
pages={1085–1101}
}

@book{Fine_fundamental_theorem_of_algebra,
author={Fine, B. and Rosenberger, G.},
year=1997, 
title={The Fundamental Theorem of Algebra}, 
series={Undergraduate Texts in Mathematics}, 
address={Berlin},
publisher={Spring-Verlag}
}

@book{Rudin_real_and_complex_analysis,
author={Rudin, W.},
year=1986, 
title={Real and complex analysis}, 
publisher={McGraw-Hill}
}

@book{Papoulis_signal_analysis_1977,
author={Papoulis, A.},
year=1977, 
title={Signal analysis}, 
publisher={McGraw-Hill}
}

@article{Butterworth1930,
title={On the theory of filter amplifiers},
author={Butterworth, S.},
year=1930,
journal={Experimental Wireless and the Wireless Engineer}, 
month={Oct.},
pages={536-541}
}

@book{Proakis_digital_comms,
title={Digital communications},
author={Proakis, J. G.},
year=2007,
edition=5,
publisher={McGraw-Hill} 
}

@article{Fisher_tsa_cd_1994,
     title = {Time Series Analysis of Circular Data},
     author = {Fisher, N. I.  and Lee, A. J.},
     journal = {{Journal of the Royal Statistical Society. Series B (Methodological)}},
     volume = 56,
     number = 2,
     pages = {327-339},
     url = {http://www.jstor.org/stable/2345903},
     ISSN = 00359246,
     abstract = {The paper considers the problem of modelling and analysing a time series of measurements which take the form of unit two-dimensional vectors. Several general classes of existing and new models are studied in terms of feasibility and flexibility. An approach is recommended which uses two of these classes, and which takes advantage of several standard time series algorithms that are available in modern software packages. An application is given to the analysis of a series of data on wind directions.},
     language = {English},
     year = 1994,
     publisher = {Blackwell Publishing for the Royal Statistical Society},
     copyright = {Copyright © 1994 Royal Statistical Society},
    }

@article{Cooley_tukey_1965,
     title = {An Algorithm for the Machine Calculation of Complex Fourier Series},
     author = {Cooley, J. W. and Tukey, J. W.},
     journal = {Mathematics of Computation},
     volume = 19,
     number = 90,
     pages = {297-301},
     year = 1965,
    }

@article{Rader_fft_prime_1968,
author={C. M. Rader}, 
title={Discrete {Fourier} transforms when the number of data samples is prime}, 
journal={Proceedings of the IEEE},
volume=56, 
pages={1107-1108},
year=1968
}

@inproceedings{Bluestein_fft_prime_1968,
author={L. I. Bluestein}, 
title={A linear filtering approach to the computation of the discrete {Fourier} transform}, 
booktitle={Northeast Electronics Research and Engineering Meeting Record},
volume=10, 
pages={218-219},
year=1968
}

@article{FrigoJohnson_fftw_2005,
author={M. Frigo and S. G. Johnson}, 
title={The Design and Implementation of {FFTW3}},
journal={Proceedings of the IEEE}, 
volume=93,
number=2, 
pages={216-231},
year=2005
}

@inproceedings{Quinn2008maximizing_the_periodogram,
title={Maximizing the Periodogram},
author={B. G. Quinn and R. G. McKilliam and I. V. L. Clarkson},
booktitle={IEEE Global Communications Conference},
year={2008},
month={Dec},
pages={1-5},
keywords={Newton method, fast Fourier transforms, frequency estimation, FFT, Newton method, frequency estimation, monotonic function, periodogram maximization},
doi={10.1109/GLOCOM.2008.ECP.668},
ISSN={1930-529X}
}

@BOOK{Quinn2001,
  title = {The Estimation and Tracking of Frequency},
  publisher = {Cambridge University Press},
  year = 2001,
  author = {B. G. Quinn and E. J. Hannan},
  address = {New York}
}
